@book{周志华-机器学习,
	author={周志华},
	title={机器学习},
	subtitle={},
	year={2019},
	location={北京},
	publisher={清华大学出版社},
	pages={11--19}
}


@online{u014303046,
	author={},
	title={},
	date={},
	url={https://blog.csdn.net/u014303046/article/details/78200010#11__23}
}


@online{wuaini-1314,
	author={},
	title={},
	date={},
	url={https://blog.csdn.net/wuaini_1314/article/details/79562400}
}


@book{卓金武-MATLAB在数学建模中的应用,
	author={卓金武},
	title={MATLAB在数学建模中的应用},
	subtitle={},
	year={2011},
	location={北京},
	publisher={北京航空航天大学出版社},
	pages={1--9}
}


@book{司守奎，孙玺菁-数学建模算法与应用,
	author={司守奎，孙玺菁},
	title={数学建模算法与应用},
	subtitle={},
	year={2011},
	location={北京},
	publisher={国防工业出版社},
	pages={24--28}
}


@book{姜启源-数学模型,
	author={姜启源},
	title={数学模型},
	subtitle={},
	year={1993},
	location={北京},
	publisher={高等教育出版社},
	pages={27--29}
}


